%YAML 1.1
%TAG !u! tag:unity3d.com,2011:
--- !u!1 &1065691791535229181
GameObject:
  m_ObjectHideFlags: 0
  m_CorrespondingSourceObject: {fileID: 0}
  m_PrefabInstance: {fileID: 0}
  m_PrefabAsset: {fileID: 0}
  serializedVersion: 6
  m_Component:
  - component: {fileID: 2054891295011142121}
  - component: {fileID: 428459704544974775}
  m_Layer: 0
  m_Name: Gateway02
  m_TagString: Untagged
  m_Icon: {fileID: 0}
  m_NavMeshLayer: 0
  m_StaticEditorFlags: 0
  m_IsActive: 1
--- !u!4 &2054891295011142121
Transform:
  m_ObjectHideFlags: 0
  m_CorrespondingSourceObject: {fileID: 0}
  m_PrefabInstance: {fileID: 0}
  m_PrefabAsset: {fileID: 0}
  m_GameObject: {fileID: 1065691791535229181}
  m_LocalRotation: {x: 0, y: 0, z: 0, w: 1}
  m_LocalPosition: {x: 0, y: 0, z: 0}
  m_LocalScale: {x: 1, y: 1, z: 1}
  m_ConstrainProportionsScale: 0
  m_Children:
  - {fileID: 2382026459371493006}
  - {fileID: 8900445372528356784}
  m_Father: {fileID: 0}
  m_RootOrder: 0
  m_LocalEulerAnglesHint: {x: 0, y: 0, z: 0}
--- !u!114 &428459704544974775
MonoBehaviour:
  m_ObjectHideFlags: 0
  m_CorrespondingSourceObject: {fileID: 0}
  m_PrefabInstance: {fileID: 0}
  m_PrefabAsset: {fileID: 0}
  m_GameObject: {fileID: 1065691791535229181}
  m_Enabled: 1
  m_EditorHideFlags: 0
  m_Script: {fileID: 11500000, guid: 2cfc845253a04d44ba1c27e567b12943, type: 3}
  m_Name: 
  m_EditorClassIdentifier: 
  destroyDistance: 25
--- !u!1 &2382026459371588270
GameObject:
  m_ObjectHideFlags: 0
  m_CorrespondingSourceObject: {fileID: 0}
  m_PrefabInstance: {fileID: 0}
  m_PrefabAsset: {fileID: 0}
  serializedVersion: 6
  m_Component:
  - component: {fileID: 2382026459371493006}
  - component: {fileID: 2382026459370690222}
  - component: {fileID: 2382026459369591918}
  - component: {fileID: 1099224335212236825}
  - component: {fileID: 8538567554072688556}
  - component: {fileID: 8538567554072688557}
  m_Layer: 0
  m_Name: gateway
  m_TagString: stone
  m_Icon: {fileID: 0}
  m_NavMeshLayer: 0
  m_StaticEditorFlags: 126
  m_IsActive: 1
--- !u!4 &2382026459371493006
Transform:
  m_ObjectHideFlags: 0
  m_CorrespondingSourceObject: {fileID: 0}
  m_PrefabInstance: {fileID: 0}
  m_PrefabAsset: {fileID: 0}
  m_GameObject: {fileID: 2382026459371588270}
  m_LocalRotation: {x: 0, y: 0, z: 0, w: 1}
  m_LocalPosition: {x: -8.3, y: 0, z: 0}
  m_LocalScale: {x: 15, y: 15, z: 15}
  m_ConstrainProportionsScale: 1
  m_Children: []
  m_Father: {fileID: 2054891295011142121}
  m_RootOrder: 0
  m_LocalEulerAnglesHint: {x: 0, y: 0, z: 0}
--- !u!33 &2382026459370690222
MeshFilter:
  m_ObjectHideFlags: 0
  m_CorrespondingSourceObject: {fileID: 0}
  m_PrefabInstance: {fileID: 0}
  m_PrefabAsset: {fileID: 0}
  m_GameObject: {fileID: 2382026459371588270}
  m_Mesh: {fileID: 4300000, guid: eaac711c8733edd43828a7a4976ee8f8, type: 3}
--- !u!23 &2382026459369591918
MeshRenderer:
  m_ObjectHideFlags: 0
  m_CorrespondingSourceObject: {fileID: 0}
  m_PrefabInstance: {fileID: 0}
  m_PrefabAsset: {fileID: 0}
  m_GameObject: {fileID: 2382026459371588270}
  m_Enabled: 1
  m_CastShadows: 1
  m_ReceiveShadows: 1
  m_DynamicOccludee: 1
  m_StaticShadowCaster: 0
  m_MotionVectors: 1
  m_LightProbeUsage: 1
  m_ReflectionProbeUsage: 1
  m_RayTracingMode: 2
  m_RayTraceProcedural: 0
  m_RenderingLayerMask: 1
  m_RendererPriority: 0
  m_Materials:
  - {fileID: 2100000, guid: 5bfbfdebccebf0c45832bef70d1337f7, type: 2}
  m_StaticBatchInfo:
    firstSubMesh: 0
    subMeshCount: 0
  m_StaticBatchRoot: {fileID: 0}
  m_ProbeAnchor: {fileID: 0}
  m_LightProbeVolumeOverride: {fileID: 0}
  m_ScaleInLightmap: 1
  m_ReceiveGI: 1
  m_PreserveUVs: 0
  m_IgnoreNormalsForChartDetection: 0
  m_ImportantGI: 0
  m_StitchLightmapSeams: 0
  m_SelectedEditorRenderState: 3
  m_MinimumChartSize: 4
  m_AutoUVMaxDistance: 0.5
  m_AutoUVMaxAngle: 89
  m_LightmapParameters: {fileID: 0}
  m_SortingLayerID: 0
  m_SortingLayer: 0
  m_SortingOrder: 0
  m_AdditionalVertexStreams: {fileID: 0}
--- !u!114 &1099224335212236825
MonoBehaviour:
  m_ObjectHideFlags: 0
  m_CorrespondingSourceObject: {fileID: 0}
  m_PrefabInstance: {fileID: 0}
  m_PrefabAsset: {fileID: 0}
  m_GameObject: {fileID: 2382026459371588270}
  m_Enabled: 1
  m_EditorHideFlags: 0
  m_Script: {fileID: 11500000, guid: a4f0ada405ea86140a912c555b4fe1cc, type: 3}
  m_Name: 
  m_EditorClassIdentifier: 
  Damage: 45
--- !u!65 &8538567554072688556
BoxCollider:
  m_ObjectHideFlags: 0
  m_CorrespondingSourceObject: {fileID: 0}
  m_PrefabInstance: {fileID: 0}
  m_PrefabAsset: {fileID: 0}
  m_GameObject: {fileID: 2382026459371588270}
  m_Material: {fileID: 0}
  m_IsTrigger: 0
  m_Enabled: 1
  serializedVersion: 2
  m_Size: {x: 0.73772764, y: 2.1210737, z: 0.76970345}
  m_Center: {x: 0.7513569, y: 0.975712, z: 0.00045229596}
--- !u!136 &8538567554072688557
CapsuleCollider:
  m_ObjectHideFlags: 0
  m_CorrespondingSourceObject: {fileID: 0}
  m_PrefabInstance: {fileID: 0}
  m_PrefabAsset: {fileID: 0}
  m_GameObject: {fileID: 2382026459371588270}
  m_Material: {fileID: 0}
  m_IsTrigger: 0
  m_Enabled: 1
  m_Radius: 0.36966693
  m_Height: 2.0717196
  m_Direction: 1
  m_Center: {x: -0.8341773, y: 0.84953946, z: -0.041569013}
--- !u!1001 &8900445372528490288
PrefabInstance:
  m_ObjectHideFlags: 0
  serializedVersion: 2
  m_Modification:
    m_TransformParent: {fileID: 2054891295011142121}
    m_Modifications:
    - target: {fileID: 100000, guid: 43ee757e6d4e733469e710178cf7e322, type: 3}
      propertyPath: m_Name
      value: Rock12
      objectReference: {fileID: 0}
    - target: {fileID: 100000, guid: 43ee757e6d4e733469e710178cf7e322, type: 3}
      propertyPath: m_TagString
      value: stone
      objectReference: {fileID: 0}
    - target: {fileID: 400000, guid: 43ee757e6d4e733469e710178cf7e322, type: 3}
      propertyPath: m_RootOrder
      value: 1
      objectReference: {fileID: 0}
    - target: {fileID: 400000, guid: 43ee757e6d4e733469e710178cf7e322, type: 3}
      propertyPath: m_LocalScale.x
      value: 15
      objectReference: {fileID: 0}
    - target: {fileID: 400000, guid: 43ee757e6d4e733469e710178cf7e322, type: 3}
      propertyPath: m_LocalScale.y
      value: 15
      objectReference: {fileID: 0}
    - target: {fileID: 400000, guid: 43ee757e6d4e733469e710178cf7e322, type: 3}
      propertyPath: m_LocalScale.z
      value: 15
      objectReference: {fileID: 0}
    - target: {fileID: 400000, guid: 43ee757e6d4e733469e710178cf7e322, type: 3}
      propertyPath: m_LocalPosition.x
      value: 17.4
      objectReference: {fileID: 0}
    - target: {fileID: 400000, guid: 43ee757e6d4e733469e710178cf7e322, type: 3}
      propertyPath: m_LocalPosition.y
      value: 0
      objectReference: {fileID: 0}
    - target: {fileID: 400000, guid: 43ee757e6d4e733469e710178cf7e322, type: 3}
      propertyPath: m_LocalPosition.z
      value: 0
      objectReference: {fileID: 0}
    - target: {fileID: 400000, guid: 43ee757e6d4e733469e710178cf7e322, type: 3}
      propertyPath: m_LocalRotation.w
      value: 1
      objectReference: {fileID: 0}
    - target: {fileID: 400000, guid: 43ee757e6d4e733469e710178cf7e322, type: 3}
      propertyPath: m_LocalRotation.x
      value: 0
      objectReference: {fileID: 0}
    - target: {fileID: 400000, guid: 43ee757e6d4e733469e710178cf7e322, type: 3}
      propertyPath: m_LocalRotation.y
      value: -0
      objectReference: {fileID: 0}
    - target: {fileID: 400000, guid: 43ee757e6d4e733469e710178cf7e322, type: 3}
      propertyPath: m_LocalRotation.z
      value: -0
      objectReference: {fileID: 0}
    - target: {fileID: 400000, guid: 43ee757e6d4e733469e710178cf7e322, type: 3}
      propertyPath: m_LocalEulerAnglesHint.x
      value: 0
      objectReference: {fileID: 0}
    - target: {fileID: 400000, guid: 43ee757e6d4e733469e710178cf7e322, type: 3}
      propertyPath: m_LocalEulerAnglesHint.y
      value: 0
      objectReference: {fileID: 0}
    - target: {fileID: 400000, guid: 43ee757e6d4e733469e710178cf7e322, type: 3}
      propertyPath: m_LocalEulerAnglesHint.z
      value: 0
      objectReference: {fileID: 0}
    - target: {fileID: 400000, guid: 43ee757e6d4e733469e710178cf7e322, type: 3}
      propertyPath: m_ConstrainProportionsScale
      value: 1
      objectReference: {fileID: 0}
    m_RemovedComponents: []
  m_SourcePrefab: {fileID: 100100000, guid: 43ee757e6d4e733469e710178cf7e322, type: 3}
--- !u!4 &8900445372528356784 stripped
Transform:
  m_CorrespondingSourceObject: {fileID: 400000, guid: 43ee757e6d4e733469e710178cf7e322,
    type: 3}
  m_PrefabInstance: {fileID: 8900445372528490288}
  m_PrefabAsset: {fileID: 0}
--- !u!1 &8900445372528587152 stripped
GameObject:
  m_CorrespondingSourceObject: {fileID: 100000, guid: 43ee757e6d4e733469e710178cf7e322,
    type: 3}
  m_PrefabInstance: {fileID: 8900445372528490288}
  m_PrefabAsset: {fileID: 0}
--- !u!64 &8522586991673446822
MeshCollider:
  m_ObjectHideFlags: 0
  m_CorrespondingSourceObject: {fileID: 0}
  m_PrefabInstance: {fileID: 0}
  m_PrefabAsset: {fileID: 0}
  m_GameObject: {fileID: 8900445372528587152}
  m_Material: {fileID: 0}
  m_IsTrigger: 0
  m_Enabled: 1
  serializedVersion: 4
  m_Convex: 1
  m_CookingOptions: 30
  m_Mesh: {fileID: 4300000, guid: 43ee757e6d4e733469e710178cf7e322, type: 3}
